@book{Fundamentals-of-Microelectronics,
	author = {Behzad Razavi},
	title = {Fundamentals of Microelectronics},
	year = {2013},
	publisher = {Wiley},
	address = {New York},
	edition = {2nd}
}

@misc{Lab-statement,
	author = {Prof},
	title = {Title},
	institution = {Department of Electrical and Computer Engineering, Nova School of Science and Technology, NOVA University of Lisbon},
	year = {2024}
}

@misc{Active-Low-Pass-Filter-Design,
	author = {Jim Karki},
	title = {Active Low-Pass Filter Design},
	publisher = {Texas Instruments},
	year = {2023}
}

@misc{mcp-datasheet,
	author = {Microchip Technology},
	title = {MCP6001/2/4},
	howpublished = {\url{https://www.microchip.com/wwwproducts/en/MCP6001}},
	year = {2019}
}

@misc{ESP32-datasheet,
	author = {Espressif Systems},
	title = {ESP32 Series Datasheet},
	howpublished = {\url{https://www.espressif.com/sites/default/files/documentation/esp32_datasheet_en.pdf}},
	year = {2024}
}

@misc{Active-Filter-Design-Techniques,
  author = {Thomas Kugelstadt},
  title = {Active Filter Design Techniques},
  howpublished = {\url{https://www2.seas.gwu.edu/~ece121/Spring-11/filterdesign.pdf}},
  year = {2001}
}

@book{Sadough2012_UWB_OFDM,
  author       = {Sadough, Seyed Mohammad Seyed},
  title        = {Ultra-Wideband {OFDM} Systems: Channel Estimation and Improved Detection Accounting for Estimation Inaccuracies},
  year         = {2012},
  publisher    = {Springer},
  address      = {Berlin, Heidelberg},
  isbn         = {978-3-642-31788-3},
  note         = {Figure\,2 (QPSK constellation with Gray mapping) reproduced in the present report}
}
